<?xml version="1.0" encoding="UTF-8"?><collection xmlns="http://www.loc.gov/MARC21/slim"><record><leader>00515nam--2200169-i-4500</leader><controlfield tag="001">000028938</controlfield><controlfield tag="002">20161230</controlfield><controlfield tag="005">20161230201037</controlfield><controlfield tag="008">060222s1000------------r-----000-0-eng-d</controlfield><datafield ind1=" " ind2=" " tag="040"><subfield code="a">IFIN-HH</subfield></datafield><datafield ind1=" " ind2=" " tag="080"><subfield code="a">539.143.43:54:574</subfield></datafield><datafield ind1="1" ind2=" " tag="100"><subfield code="a">La Mar, G.N./S.A.</subfield></datafield><datafield ind1="1" ind2="0" tag="245"><subfield code="a">Nmr paramagnetic molecules</subfield><subfield code="b">Principles and applications</subfield><subfield code="c">G.n. la mar, w. dew. horrocks, jr., r.h. holm (eds.)</subfield></datafield><datafield ind1=" " ind2=" " tag="260"><subfield code="a">New York</subfield><subfield code="b">Academic Press</subfield><subfield code="c">1973</subfield></datafield><datafield ind1="1" ind2=" " tag="700"><subfield code="a">Hlm, R.H</subfield><subfield code="e">Ed</subfield></datafield><datafield ind1=" " ind2=" " tag="852"><subfield code="a">41660</subfield><subfield code="c">539.143.43</subfield></datafield><datafield ind1=" " ind2=" " tag="CAT"><subfield code="a">Sys</subfield><subfield code="c">20120509</subfield><subfield code="h">112058</subfield></datafield></record></collection>